@article{milgromweber,
  title={A Theory of Auctions and Competitive Bidding},
  author={Milgrom, Paul R and Weber, Robert J},
  journal={Econometrica: Journal of the Econometric Society},
  pages={1089--1122},
  year={1982},
  publisher={JSTOR}
}

@article{jullien2006auction,
  title={Auction and the Informed Seller Problem},
  author={Jullien, Bruno and Mariotti, Thomas},
  journal={Games and Economic Behavior},
  volume={56},
  number={2},
  pages={225--258},
  year={2006},
  publisher={Elsevier}
}

@article{cai2007reserve,
  title={Reserve Price Signaling},
  author={Cai, Hongbin and Riley, John and Ye, Lixin},
  journal={Journal of Economic Theory},
  volume={135},
  number={1},
  pages={253--268},
  year={2007},
  publisher={Elsevier}
}

@article{shneyerovxu2013,
  title={Price Setting with Interdependent Values},
  author={Shneyerov, Artyom and Xu, Pai},
  journal={Working paper},
  year={2013},
}

@article{lamy,
  title={Corrigendum to Reserve Price Signaling [J. Econ. Theory 135 (1)(2007) 253--268]},
  author={Lamy, Laurent},
  journal={Journal of Economic Theory},
  volume={145},
  number={6},
  pages={2498--2504},
  year={2010},
  publisher={Elsevier}
}

@article{shneyerovhill,
  title={Are there common values in first-price auctions? A tail-index nonparametric test},
  author={Hill, Jonathan B and Shneyerov, Artyom},
  journal={Journal of Econometrics},
  volume={174},
  number={2},
  pages={144--164},
  year={2013},
  publisher={Elsevier}
}

@article{hendrickspinkseporter,
  title={Empirical implications of equilibrium bidding in first-price, symmetric, common value auctions},
  author={Hendricks, Kenneth and Pinkse, Joris and Porter, Robert H},
  journal={The Review of Economic Studies},
  volume={70},
  number={1},
  pages={115--145},
  year={2003},
  publisher={Oxford University Press}
}

@article{milgrom1982theory,
  title={A theory of Auctions and Competitive Bidding},
  author={Milgrom, Paul R and Weber, Robert J},
  journal={Econometrica},
  pages={1089--1122},
  year={1982}
}

@article{myerson1981optimal,
  title={Optimal Auction Design},
  author={Myerson, Roger B},
  journal={Mathematics of Operations Research},
  volume={6},
  number={1},
  pages={58--73},
  year={1981},
  publisher={INFORMS}
}

@article{akerlof1970market,
	title={The Market for ``Lemons'': Quality Uncertainty and the Market Mechanism},
	author={Akerlof, George A},
	journal={Quarterly Journal of Economics},
	pages={488--500},
	year={1970},
	publisher={JSTOR}
}

@article{keys2008did,
	title={Did Securitization Lead to Lax Screening? Evidence from Subprime Loans},
	author={Keys, Benjamin J and Mukherjee, Tanmoy and Seru, Amit and Vig, Vikrant},
	journal={Quarterly Journal of Economics},
	volume={125},
	number={1},
	pages={307--362},
	year={2010},
	publisher={MIT Press}
}

@article{tirole2011illiquidity,
	title={Illiquidity and All its Friends},
	author={Tirole, Jean},
	journal={Journal of Economic Literature},
	volume={49},
	number={2},
	pages={287--325},
	year={2011},
	publisher={American Economic Association}
}

@article{brunnermeier2009deciphering,
	title={Deciphering the Liquidity and Credit Crunch 2007-2008},
	author={Brunnermeier, Markus K},
	journal={Journal of Economic Perspectives},
	volume={23},
	number={1},
	pages={77--100},
	year={2009}
}

@article{campbell2013mortgage,
	title={Mortgage Market Design},
	author={Campbell, John Y},
	journal={Review of Finance},
	volume={17},
	number={1},
	pages={1--33},
	year={2013},
	publisher={Oxford University Press}
}

@article{qi2009loss,
	title={Loss Given Default of High Loan-to-Value Residential Mortgages},
	author={Qi, Min and Yang, Xiaolong},
	journal={Journal of Banking \& Finance},
	volume={33},
	number={5},
	pages={788--799},
	year={2009},
	publisher={Elsevier}
}

@article{nelson2004reforming,
	title={Reforming Foreclosure: The Uniform Nonjudicial Foreclosure Act},
	author={Nelson, Grant S and Whitman, Dale A},
	journal={Duke Law Journal},
	pages={1399--1514},
	year={2004},
	publisher={JSTOR}
}

@article{ghent2011recourse,
	title={Recourse and residential mortgage default: evidence from US states},
	author={Ghent, Andra C and Kudlyak, Marianna},
	journal={Review of Financial Studies},
	pages={hhr055},
	year={2011},
	publisher={Soc Financial Studies}
}

@article{li1998nonparametric,
	title={Nonparametric Estimation of the Measurement Error Model Using Multiple Indicators},
	author={Li, Tong and Vuong, Quang},
	journal={Journal of Multivariate Analysis},
	volume={65},
	number={2},
	pages={139--165},
	year={1998},
	publisher={Elsevier}
}

@article{krasnokutskaya2011identification,
	title={Identification and Estimation of Auction Models with Unobserved Heterogeneity},
	author={Krasnokutskaya, Elena},
	journal={Review of Economic Studies},
	volume={78},
	number={1},
	pages={293--327},
	year={2011},
	publisher={Oxford University Press}
}

@article{hortacsu2010mechanism,
	title={Mechanism Choice and Strategic Bidding in Divisible Good Auctions: an Empirical Analysis of the Turkish Treasury Auction Market},
	author={Hortacsu, Ali and McAdams, David},
	journal={Journal of Political Economy},
	volume={118},
	number={5},
	pages={833--865},
	year={2010},
	publisher={JSTOR}
}

@article{cassola20132007,
	title={The 2007 Subprime Market Crisis Through the Lens of European Central Bank Auctions for Short-Term Funds},
	author={Cassola, Nuno and Horta{\c{c}}su, Ali and Kastl, Jakub},
	journal={Econometrica},
	volume={81},
	number={4},
	pages={1309--1345},
	year={2013},
	publisher={Wiley Online Library}
}

@article{heller1998auctions,
	title={The auctions of Swiss Government Bonds: Should the Treasury Price Discriminate or Not?},
	author={Heller, Daniel and Lengwiler, Yvan},
	journal={Board of Governors of the Federal Reserve System Finance and Economics Discussion Series FEDS Paper},
	number={98-11},
	year={1998}
}

@article{zulehner2013competition,
	title={Competition in Austrian Treasury Auctions},
	author={Zulehner, Christine and Elsinger, Helmut and Schmidt-Dengler, Philipp},
	year={2013},
	publisher={Kiel und Hamburg: ZBW-Deutsche Zentralbibliothek f{\"u}r Wirtschaftswissenschaften, Leibniz-Informationszentrum Wirtschaft},
	journal={Working Paper}
}

@book{fan1996local,
	title={Local Polynomial Modelling and its Applications: Monographs on Statistics and Applied Probability 66},
	author={Fan, Jianqing and Gijbels, Irene},
	volume={66},
	year={1996},
	publisher={CRC Press}
}

@article{albertazzi2011securitization,
	title={Securitization is not that evil after all},
	author={Albertazzi, Ugo and Eramo, Ginette and Gambacorta, Leonardo and Salleo, Carmelo},
	journal={Bank of Italy Temi di Discussione (Working Paper) No},
	volume={796},
	year={2011}
}

@book{bogachev2007measure,
  title={Measure Theory},
  author={Bogachev, Vladimir I},
  volume={1},
  year={2007},
  publisher={Springer Science \& Business Media}
}

@article{hendricks1988empirical,
  title={An Empirical Study of an Auction with Asymmetric Information},
  author={Hendricks, Kenneth and Porter, Robert H},
  journal={American Economic Review},
  pages={865--883},
  year={1988},
  publisher={JSTOR}
}

@article{hendricks2003empirical,
  title={Empirical Implications of Equilibrium Bidding in First-price, Symmetric, Common Value Auctions},
  author={Hendricks, Kenneth and Pinkse, Joris and Porter, Robert H},
  journal={Review of Economic Studies},
  volume={70},
  number={1},
  pages={115--145},
  year={2003},
  publisher={Oxford University Press}
}

@article{hortaccsu2012valuing,
  title={Valuing Dealers' Informational Advantage: a Study of Canadian Treasury Auctions},
  author={Horta{\c{c}}su, Ali and Kastl, Jakub},
  journal={Econometrica},
  volume={80},
  number={6},
  pages={2511--2542},
  year={2012},
  publisher={Wiley Online Library}
}

@article{nyborg2002bidder,
  title={Bidder Behavior in Multiunit Auctions: Evidence from Swedish Treasury Auctions},
  author={Nyborg, Kjell G and Rydqvist, Kristian and Sundaresan, Suresh M},
  journal={Journal of Political Economy},
  volume={110},
  number={2},
  pages={394--424},
  year={2002},
  publisher={JSTOR}
}

@article{stroebel2013asymmetric,
  title={Asymmetric information about collateral values},
  author={Stroebel, Johannes},
  journal={Journal of Finance},
  year={forthcoming}
}

@book{angelides2011financial,
	title={The Financial Crisis Inquiry Report: Final Report of the National Commission on the Causes of the Financial and Economic Crisis in the United States (revised corrected copy)},
	author={Angelides, Phil and Thomas, Bill and Born, Brooksley and Georgieu, Byron and
	        Graham, Bob and Hennessey, Keith and Holtz-Eakin, Douglas and Murren, Heather H. and
	        Thompson, John W. and Wallis, Peter J.},
	year={2011},
	publisher={Government Printing Office}
}

@book{dewatripont2010balancing,
	title={Balancing the Banks: Global Lessons from the Financial Crisis},
	author={Dewatripont, Mathias and Rochet, Jean-Charles and Tirole, Jean},
	year={2010},
	publisher={Princeton University Press}
}

@article{mian2009consequences,
	title={The Consequences of Mortgage Credit Expansion: Evidence from the US Mortgage Default Crisis},
	author={Mian, Atif and Sufi, Amir},
	journal={Quarterly Journal of Economics},
	volume={124},
	number={4},
	pages={1449--1496},
	year={2009},
	publisher={Oxford University Press}
}

@incollection{gorton2015securitization,
  title={Securitization},
  author={Gorton, G. and Metrick, A.},
  booktitle={Handbook of the Economics of Finance},
  volume={2},
  pages={1-70},
  year={forthcoming},
  publisher={Elsevier},
  editor={George M. Constantinides, Milton Harris and Rene M. Stulz}
}

@article{cetorelli2012role,
  title={The Role of Banks in Asset Securitization},
  author={Cetorelli, Nicola and Peristiani, Stavros},
  journal={Federal Reserve Bank of New York Economic Policy Review},
  volume={18},
  number={2},
  pages={47--64},
  year={2012},
  publisher={Federal Reserve Bank of New York}
}

@article{allen1995implicit,
  title={Implicit Pricing Across Residential Rental Submarkets},
  author={Allen, Marcus T and Springer, Thomas M and Waller, Neil G},
  journal={Journal of Real Estate Finance and Economics},
  volume={11},
  number={2},
  pages={137--151},
  year={1995},
  publisher={Springer}
}

